2154 3063
48 63 51 66 Α
148 66 166 102 ¹
182 65 221 117 4

31 131 227 209 ‚Adde
264 126 451 194 oculis
489 126 762 192 flammas
795 126 814 199 ζ
852 128 1161 215 tacitoque
1193 117 1405 212 effinge
1438 117 1713 212 loquaces‘

28 213 173 307 fpre
214 219 384 284 sonos
421 248 435 290 ·‚
473 225 596 285 viui
630 218 843 309 spirent
879 216 952 280 ab
987 220 1253 305 Imagine
1292 208 1481 279 sensus
1504 261 1521 277 .

27 308 149 384 {Ad
182 318 436 376 Puerum
479 316 627 374 citus
660 307 796 372 inde
851 307 1023 377 redi;
1064 307 1330 396 dumque
1363 303 1458 370 ille
1497 310 1793 375 Camaenis

23 404 303 492 ⁴,1'Deditus
342 449 358 477 ,
391 407 615 467 Aonias
660 422 891 465 exercet
927 397 1156 465 sedulus
1182 420 1365 472 arteS,

18 499 372 580 ,Mentiram
408 500 469 556 in
499 490 711 574 medijs
755 498 967 557 tacitus
1004 491 1243 557 dimitte
1287 487 1553 557 Puellam

12 618 20 674 i
48 585 278 649 Libris:
318 583 416 649 ille
454 584 651 648 statim
675 591 701 667 (
725 608 832 648 nec
869 608 965 648 me
1006 581 1278 675 praesagia
1315 580 1566 660 fallunt)

12 696 17 729 s
48 679 242 740 Totus
279 681 340 740 in
376 674 572 766 effigie
604 723 623 754 ‚
657 674 1007 766 Tabulaque
1041 674 1284 739 haerebit
1318 683 1378 739 in
1407 673 1552 747 vnz⁶23

10 789 13 796 ’
55 767 410 858 Ignotasque
449 765 554 833 diu
592 815 610 844 ‚
651 766 978 860 spretasque
1003 767 1075 831 ab
1110 771 1376 856 Imagine
1412 764 1619 831 sensim

51 858 264 923 Ebibet
304 857 529 923 interea
560 860 830 923 flammas
867 887 881 922 ε
935 859 1081 950 quid
1112 855 1276 948 plura
1311 873 1327 919 ἓ
1365 855 1649 922 rebellem

48 953 237 1014 Exuet
272 982 287 1019 5
323 949 542 1016 Idalios
579 948 819 1042 posthac
857 949 1084 1016 ardebit
1123 952 1419 1022 Amoi·eS‚

49 1046 255 1132 Atque
301 1047 466 1107 oneri
499 1043 739 1106 tandem
774 1039 1007 1132 subiget
1035 1038 1132 1104 sua
1174 1037 1327 1103 colla
1363 1037 1588 1130 Iugali.'

140 1139 391 1198 Dixerat
428 1182 445 1211 ,
479 1132 569 1199 ille
603 1132 753 1198 celer
787 1140 1034 1199 monitis
1069 1132 1378 1195 instructus
1404 1178 1422 1206 ‚
1473 1142 1532 1194 &
1577 1146 1700 1193 arte

46 1227 260 1291 Matris
294 1273 313 1300 ,
361 1224 520 1291 laetus
560 1226 682 1292 abit
725 1257 740 1294 ς
771 1225 1003 1316 rapidus
1041 1249 1141 1315 pei·
1177 1247 1347 1288 inane
1378 1226 1780 1288 MONoeCvM

51 1320 246 1406 Pergit
281 1366 299 1394 ‚
329 1318 430 1382 vbi
465 1323 524 1381 in
555 1324 755 1409 patrijs
797 1314 1062 1380 formosa
1089 1315 1401 1380 Penatibus
1433 1363 1450 1389 ‚
1492 1316 1724 1380 Vrbem

49 1411 244 1498 Virgo
288 1409 421 1473 beat
451 1441 466 1477 ‚-
507 1410 760 1498 celfique
798 1408 952 1470 subit
984 1404 1301 1495 penetralia
1337 1410 1548 1469 Tecti.

45 1499 150 1563 Ad
188 1498 486 1590 speculum
529 1500 659 1565 tum
693 1496 848 1562 forte
883 1499 1015 1560 suos
1052 1502 1115 1560 in
1149 1500 1410 1585 imagine
1449 1501 1643 1585 Virgo

48 1590 398 1656 Consulerat
440 1591 635 1658 vultus
674 1622 688 1657 ς
720 1589 1176 1678 libertatemque
1216 1593 1483 1676 vagantis

48 1682 384 1748 Fraenabant
415 1681 742 1747 calamistra
779 1702 968 1743 comae
1003 1704 1018 1740 :
1054 1700 1194 1742 tunc
1228 1679 1438 1766 Aliger
1475 1699 1582 1740 ora

48 1778 303 1839 Miratus
340 1822 361 1851 ‚
398 1772 712 1866 niueasque
750 1796 924 1863 genas
963 1803 979 1841 ‚-
1015 1770 1197 1860 quam
1232 1769 1420 1833 multa
1451 1765 1649 1837 relatis

47 1869 229 1930 Nunc
263 1916 278 1941 ,
317 1872 512 1957 inquit
547 1914 567 1943 ,
599 1862 781 1931 video
813 1869 1043 1929 maiora
1075 1876 1089 1925 ,¹
1123 1860 1455 1953 sonumque
1499 1858 1797 1953 repreffit.J

56 1958 276 2022 Nescio
314 1982 442 2049 quae
485 1957 782 2049 extemplo
817 1954 1132 2020 Stellarum
1166 1950 1396 2044 fulgida
1433 1961 1660 2043 promit

49 2052 94 2111 E
127 2057 361 2139 gremio
406 2047 741 2140 fragmenta
784 2047 889 2113 suo
920 2074 934 2110 ε
966 2044 1227 2129 formare
1265 2045 1506 2134 capillos

48 2147 165 2206 His
206 2141 461 2205 intendit
500 2146 697 2205 Amor
735 2166 748 2201 ε
779 2144 974 2202 minio
1016 2136 1351 2225 superaddit
1387 2141 1563 2214 Eoo,

51 2237 121 2295 Et
166 2230 513 2297 commiscet
556 2231 739 2299 ebur,·
778 2227 957 2295 malas
995 2226 1162 2293 color
1187 2227 1291 2291 iste
1321 2226 1590 2292 decebit.

50 2326 351 2390 Lucifluos
389 2321 542 2388 Solis
579 2323 775 2389 radios
812 2319 1035 2386 furatus
1073 2369 1092 2398 ,
1136 2317 1341 2383 ocellis

49 2417 324 2481 Destinat
362 2444 375 2479 ι
420 2427 477 2480 &
515 2421 706 2480 niueis
745 2420 942 2479 attrita
978 2411 1215 2502 ligustra
1245 2409 1511 2503 papillis}

50 2511 182 2571 Nec
224 2533 394 2574 mora
430 2533 445 2567 t
483 2508 828 2573 discinCtam
861 2513 1126 2596 geminas
1157 2500 1306 2567 secat
1336 2500 1501 2569 illico
1540 2506 1758 2570 vittam

52 2602 116 2660 In
151 2621 336 2690 partes
380 2630 397 2674 ·,
441 2597 703 2691 laeuzique
745 2596 1006 2664 habilem
1040 2595 1146 2660 sibi
1183 2593 1352 2661 vellit
1387 2596 1461 2661 ab
1496 2594 1583 2664 ala
1605 2645 1623 2675 ,
1761 2610 1764 2611 ’

53 2692 249 2757 Multa
286 2718 526 2782 gemens
560 2741 578 2770 ‚
616 2715 872 2783 pennam
912 2723 928 2761 ς
970 2687 1236 2755 formosa
1267 2686 1565 2755 coloribus
1593 2710 1703 2755 ora

51 2790 118 2850 In
153 2786 302 2854 vitta
330 2786 556 2853 format
607 2781 810 2853 media
844 2813 863 2875 ξ
894 2779 1196 2878 crinesque
1229 2777 1475 2877 corusco
1709 2866 1785 2934 M
1864 2867 1886 2884 Ἴ

214 2891 219 2895 ’
1787 2882 1889 2930 ΕΠ·
